@Misc{ref:ICTDefinition,
	title = {ICT (information and communication technology, or technologies)},
    author = {Margaret Rouse},
    url = {http://searchcio.techtarget.com/definition/ICT-information-and-communications-technology-or-technologies}
}

@Misc{ref:ICTinEducation,
	title = {Information and Communication Technology (ICT) in Education},
    url = {https://learningportal.iiep.unesco.org/en/improve-learning/curriculum-materials/appropriate-educational-technologies}
}

@Misc{ref:MasterData,
	title = {What is master data management?},
    author = {Margaret Rouse},
    url = {http://searchdatamanagement.techtarget.com/definition/master-data-management}
}

@Misc{ref:ResourceManagementBusinessDictionary,
	title = {What is Resource Management},
	url = {Retrieved from http://www.businessdictionary.com/definition/resource-management.html}
}

@Misc{ref:ResourceManagementShopify,
	title = {Resource Management},
    url = {https://www.shopify.com/encyclopedia/resource-management}
}

@Misc{ref:PersonnelManagementGrimsley,
	title = {Human resource management vs personnel management},
    author = {Shawn Grimsley},
    url = {https://study.com/academy/lesson/human-resource-management-vs-personnel-management.html}
}

@Misc{ref:PersonnelManagementJuneja,
	title = {Personnel management},
    author = {Prachi Juneja},
    url = {https://www.managementstudyguide.com/personnel-management.htm}
}

@Misc{ref:Activity,
	title = {Definition of “activity” - English Dictionary},
	author = {{Cambridge English Dictionary}},
    url = {https://dictionary.cambridge.org/us/dictionary/english/activity}
}

@Misc{ref:DataCentralization,
	title = {The Benefits Of Streamlining Data Centralization},
	author = {Stephen Jeske},
    url = {https://www.datasciencecentral.com/profiles/blogs/the-benefits-of-streamlining-data-centralization},
    year = {2015},
    month = {11},
    day = {24},
    type = {Blog}
}

@Misc{ref:Alumni,
	title = {Alumni},
    url = {https://www.merriam-webster.com/dictionary/alumni},
    year = {2018}
}

@Misc{ref:Curriculum,
	title = {Curriculum},
	url = {https://www.edglossary.org/curriculum/},
    year = {2018}
}

@Misc{ref:Accreditation,
	title = {What does accreditation mean?},
	url = {https://www.50states.com/college-resources/accreditation.htm}
}

@Misc{ref:NormalLights,
	title = {The Normal Lights},
	url = {http://po.pnuresearchportal.org/ejournal/index.php/normallights}
}

@Misc{ref:RawData,
	title = {What is raw data?},
    author = {Margaret Rouse},
    url = {http://searchdatamanagement.techtarget.com/definition/raw-data},
    year = {2009}
}

@Misc{ref:StructuredData,
	title = {Structured vs. Unstructured data},
    url = {https://brightplanet.com/2012/06/structured-vs-unstructured-data/},
    year = {2012}
}

@Misc{ref:UnstructuredData,
	title = {What is unstructured data?},
	author = {Margaret Rouse},
	url = {http://searchbusinessanalytics.techtarget.com/definition/unstructured-data},
    year = {2018}
}

@Misc{ref:DataConsolidation,
	title = {What is Data Consolidation? - Definition from Technopedia},
	url = {https://www.techopedia.com/definition/28034/data-consolidation}
}

@Misc{ref:DataOrganization,
	title = {What is Data Organization? - Definition from Technopedia},
	url = {https://www.techopedia.com/definition/30624/data-organization}
}

@Misc{ref:Profiling,
	title = {Profiling},
	url = {https://www.merriam-webster.com/dictionary/profiling},
    year = {2018}
}

@Misc{ref:FacultyProfileSystemUcIrvine,
    title = {UC Irvine - Faculty Profile System},
    url = {https://www.faculty.uci.edu/}
}

@Misc{ref:SudoSchool,
	title = {SudoSchool},
    url = {https://www.sudoschool.com/Welcome/features.html}
}

@Misc{ref:ExtremeProgramming,
	title = {What is Agile Methodology?},
	author = {Mike McLaughlin},
	url = {https://www.versionone.com/agile-101/agile-methodologies/}
}

@Misc{ref:Crystal,
	title = {Crystal Methods},
	url = {https://activecollab.com/blog/project-management/crystal-methods}
}

@Misc{ref:FDD,
	title = {Feature Driven Development (FDD) and Agile Modeling},
	url = {http://agilemodeling.com/essays/fdd.htm}
}

@Misc{ref:Lean,
	title = {Lean Methodology},
    author = {{Lean Enterprise Institute}},
	url = {https://leankit.com/learn/lean/lean-methodology/}
}

@Misc{ref:ScrumMethodology,
	title = {What is Scrum?},
    url = {https://www.scrum.org/resources/what-is-scrum}
}

@Misc{ref:ReasonsScrum,
	title = {4 reasons to use Scrum in Software Development},
    author = {Carlos Feliciano-Misla},
    url= {https://invidgroup.com/2017/06/06/4-reasons-to-use-scrum-in-software-development/}
    }
    
@Misc{ref:ScrumPopular,
	title = {Why is Scrum so Popular? Why is Scrum So Successful?},
    url = {https://content.intland.com/blog/agile/scrum/why-is-scrum-so-popular-why-is-scrum-so-successful}
    }

@Misc{ref:ExtremeProgrammingDisadvantage,
	title = {Extreme Programming:
Strengths and 
Weaknesses},
	author = {Ahmad Dalalah},
    url = {http://www.acit2k.org/ACIT/2013Proceedings/132.pdf},
    year = {2013}
    }
    
@Misc{ref:FDDDisadvantage,
	title = {Popular Software Development Models With Their Pros and Cons},
	url = {https://medium.com/globalluxsoft/5-popular-software-development-models-with-their-pros-and-cons-12a486b569dc},
    year = {2017},
    day = {18},
    month = {10}
    }

@Misc{ref:DataProcessing,
	title = {Data Processing and Information Technology},
    author = {Carl French},
	url = {https://books.google.com.ph/books?id=zVCdg7Tg6-AC&lpg=PP1&dq=inauthor:%22Carl+French%22&pg=PR2&redir_esc=y#v=onepage&q&f=false},
    year = {1996}
	}
    
@Misc{ref:DataHarmonization,
	title = {Data Analysis and Harmonization},
    author = {Jeff Voivoda},
	publisher = {iUniverse},
    address = {USA},
    year = {2011}
	}
    
@Misc{ref:WhatAreICTs,
	title = {What are ICTs},
	url = {http://www.open.edu/openlearn/science-maths-technology/computing-and-ict/information-and-communication-technologies/icts-everyday-life/content-section-1.2}
	}    

@Misc{ref:MasterDataManagementPhases,
	title = {5 Steps of Master Data Management},
    author = {Ron Lewis},
    url = {https://www.slideshare.net/embarcaderotechnet/5-steps-to-master-data-management},
    year = {2009},
}

@Misc{ref:ResourceMangementLifecycle,
	title = {What is Resource Management?},
    url = {http://blog.mavenlink.com/what-is-the-resource-management-lifecycle},
    year = {2017},
}

@Misc{ref:Tabs,
    title = {Tabs},
    url = {https://material-ui.com/demos/tabs/#basic-tabs}
}

@Misc{ref:GraphQL,
    title = {A query language for your API},
    url = {https://graphql.org/}
}

@Misc{ref:FatClient,
    title = {What is Fat Client?},
    url = {https://www.techopedia.com/definition/444/fat-client}
}

@Misc{ref:ClientSide,
    title = {Client-side vs. server-side rending: why it's not all black and white},
    author = {Juan Vega},
    year = {2017},
    url = {https://medium.freecodecamp.org/what-exactly-is-client-side-rendering-and-hows-it-different-from-server-side-rendering-bd5c786b340d}
}

@Misc{ref:MaterialDesign,
    title = {YouTube is getting Google’s Material Design, here’s how to enable it now},
    author = {Ben Woods},
    year = {2016},
    url = {https://thenextweb.com/google/2016/05/02/youtube-getting-googles-material-design-heres-enable-now/}
}